@book{ physik1,
	author = {Christian Schweitzer, Peter Svoboda, Lutz Trieb},
	title = {Physik 1},
	year = {2011},
	subtitle = {Mechanik, Thermodynamik, Optik},
	edition = {7. Auflage},
	publisher = {Veritas},
	pages = {221-222, 236-237},
	pagetotal = {296}
}

@book{ physik2,
	author = {Christian Schweitzer, Peter Svoboda, Lutz Trieb},
	title = {Physik 2},
	year = {2011},
	subtitle = {Elektrizität und Magnetismus, Moderne Physik},
	edition = {6. Auflage},
	publisher = {Veritas},
	pages = {180-183},
	pagetotal = {272}
}

@book{ maxwell,
	author = {James Clerk Maxwell},
	title = {A Dynamical Theory of the Electromagnetic Field},
	year = {1865},
	publisher = {Philosophical Transactions of the Royal Society of London},
	pages = {459-512}
}

@online{ ulm:photon,
	title = {Masse und Impuls der Photonen},
	url = {http://lisperator.net/uglifyjs/},
	organization = {Universität Ulm},
	urldate = {2018-05-23}
}

@online{ auge,
	title = {Aufbau des Auges},
	url = {https://euroeyes.de/wp-content/uploads/2017/11/das-normalsichtige-auge.png},
	organization = {EuroEyes},
	urldate = {2018-05-28}
}

@online{ faz:photosynthese,
	title = {Quietschgrüne Quantenwesen},
	author = {Ulf von Rauchhaupt},
	url = {http://www.faz.net/aktuell/wissen/physik-mehr/biophysik-photosynthese-funktioniert-quantenmechanisch-15127790.html},
	organization = {Frankfurter Allgemeine},
	urldate = {2018-06-05}
}

@online{ rauch:photosynthese,
	title = {Die Fotosynthese},
	author = {Dipl.-Ing.oec.,Ing.oec., Ing. Peter Rauch Ph.D.},
	url = {http://www.ib-rauch.de/bautens/photosynthese.html},
	urldate = {2018-06-05}
}

@online{ abadi:fehlsichtigkeit,
	title = {Fehlsichtigkeit},
	author = {Dr.med.univ. Ahmad Abadi},
	url = {http://abadi.at/fehlsichtigkeit.html},
	urldate = {2018-06-05}
}