@online{ netaudio:as,
	title = {Auditive Wahrnehmung und kritische Bandbreiten: Das auditive System},
	url = {http://www.netaudio.de/psychoakustik/Daten/physiologie/begriffe.htm},
	organization = {NetAudio},
	year = {2003},
	note = {21.2.2018}
}

@online{ netaudio:aussenohr,
	title = {Auditive Wahrnehmung und kritische Bandbreiten: Das Außenohr},
	url = {http://www.netaudio.de/psychoakustik/Daten/physiologie/aussenohr.htm},
	organization = {NetAudio},
	year = {2003},
	note = {21.2.2018}
}

@online{ netaudio:mittelohr,
	title = {Auditive Wahrnehmung und kritische Bandbreiten: Das Mittelohr},
	url = {http://www.netaudio.de/psychoakustik/Daten/physiologie/mittelohr.htm},
	organization = {NetAudio},
	year = {2003},
	note = {21.2.2018}
}

@online{ netaudio:innenohr,
	title = {Auditive Wahrnehmung und kritische Bandbreiten: Das Innenohr: Die Hörschnecke},
	url = {http://www.netaudio.de/psychoakustik/Daten/physiologie/innenohr.htm},
	organization = {NetAudio},
	year = {2003},
	note = {21.2.2018}
}

@online{ auva:berufskrankheit,
	title = {Berufskrankheit},
	year = {2015},
	url	= {https://www.auva.at/portal27/auvaportal/content?contentid=10007.671002},
	organization = {\gls{ac:auva}},
	note = {21.2.2018}
}

@online{ wiki:schwerhoerigkeit,
	author = {Wikipedia Autoren},
	title = {Lärmschwerhörigkeit},
	url = {https://de.wikipedia.org/wiki/Lärmschwerhörigkeit},
	organization = {{W}ikipedia},
	note = {21.2.2018}
}

@online{ wiki:emodul,
	author = {Wikipedia Autoren},
	title = {Elastizitätsmodul},
	url = {https://de.wikipedia.org/wiki/Elastizitätsmodul},
	organization = {{W}ikipedia},
	note = {21.2.2018}
}

@online{ netdoktor:tinnitus,
	author = {Ulrich Kraft, Arzt und Medizinjournalist},
	title = {Tinnitus - Ohrgeräusche},
	url = {https://www.netdoktor.at/krankheit/tinnitus-7873},
	organization = {Netdoktor},
	year = {2015},
	note = {21.2.2018}
}

@online{ netaudio,
	title = {Psychoakustik},
	url = {http://www.netaudio.de/psychoakustik/Daten/startseite.htm},
	organization = {NetAudio},
	year = {2003},
	note = {21.2.2018}
}

@book{ physik1,
	author = {Christian Schweitzer, Peter Svoboda, Lutz Trieb},
	title = {Physik 1},
	year = {2011},
	subtitle = {Mechanik, Thermodynamik, Optik},
	edition = {7. Auflage},
	publisher = {Veritas},
	pages = {145-150},
	pagetotal = {296}
}

